@article{lafferty2001crf,
  title={Conditional random fields: Probabilistic models for segmenting and labeling sequence data},
  author={Lafferty, John and McCallum, Andrew and Pereira, Fernando CN},
  year={2001}
}

@article{wallach2004crf,
  title={Conditional random fields: An introduction},
  author={Wallach, Hanna M},
  journal={Technical Reports (CIS)},
  pages={22},
  year={2004}
}

@inproceedings{shen2007doccum,
  title={Document Summarization Using Conditional Random Fields.},
  author={Shen, Dou and Sun, Jian-Tao and Li, Hua and Yang, Qiang and Chen, Zheng},
  booktitle={IJCAI},
  volume={7},
  pages={2862--2867},
  year={2007}
}

@inproceedings{culotta2006integrating,
  title={Integrating probabilistic extraction models and data mining to discover relations and patterns in text},
  author={Culotta, Aron and McCallum, Andrew and Betz, Jonathan},
  booktitle={Proceedings of the main conference on Human Language Technology Conference of the North American Chapter of the Association of Computational Linguistics},
  pages={296--303},
  year={2006},
  organization={Association for Computational Linguistics}
}

@inproceedings{banko2008,
  title={The Tradeoffs Between Open and Traditional Relation Extraction.},
  author={Banko, Michele and Etzioni, Oren and Center, Turing},
  booktitle={ACL},
  volume={8},
  pages={28--36},
  year={2008}
}